@misc{wiki:plagarism,
  author={Wikipedia contributors},
  title={Plagiarism -- {W}ikipedia{,} The Free Encyclopedia},
  year={2004},
  note={Last accessed 22 July 2004},
  url={https://en.wikipedia.org/w/index.php?title=Plagiarism&oldid=5139350}
}   

@Article{ISD_scotland_home,
  year={2022},
  url={https://www.ndc.scot.nhs.uk/Data-Dictionary/Other-Standards/Accident-and-Emergency/4-Hour-Wait-Standard/},
  note={Retrieved on 5th April 2022}
}  

@Article{NHE,
  year={2022},
  url={https://www.nationalhealthexecutive.com/Comment/the-four-hour-target-whats-the-point/158287},
  note={Retrieved on 5th April 2022}
} 


 @misc{higginson, title={The 4-hour standard is a meaningful quality indicator:... : European Journal of Emergency Medicine}, url={https://journals.lww.com/euro-emergencymed/Abstract/2017/02000/The_4_hour_standard_is_a_meaningful_quality.5.aspx/}, journal={LWW}, author={Higginson, Ian}} 

 @misc{waiting_time_publication, title={A&amp;E activity and waiting timesmonth ending 31 december 2021}, url={https://publichealthscotland.scot/publications/ae-activity-and-waiting-times/ae-activity-and-waiting-times-month-ending-31-december-2021/}, journal={A&amp;E activity and waiting times - Month ending 31 December 2021 - A&amp;E activity and waiting times - Publications - Public Health Scotland}, author={Scotland, Public Health}} 

 @misc{open_government_licence, title={Open government licence for Public Sector Information}, url={https://www.nationalarchives.gov.uk/doc/open-government-licence/version/3/}, journal={Open Government Licence}} 
 
 @misc{permission, title={Permission to reproduce our content}, url={https://publichealthscotland.scot/contact-us/permission-to-reproduce-our-content/}, journal={Permission to reproduce our content - Contact us - Public Health Scotland}, author={Scotland, Public Health}} 
 
 @misc{PHS, title={Home}, url={https://publichealthscotland.scot/}, journal={Public Health Scotland}, author={Scotland, Public Health}} 
 
  @misc{SIMD, title={Scottish index of multiple deprivation 2020}, url={https://www.gov.scot/collections/scottish-index-of-multiple-deprivation-2020/}, journal={Scottish Government}} 
  
  @article {Oomman48,
	author = {Oomman, Sushrut and Todd, Elizabeth},
	title = {Impact of COVID-19 lockdown on A\&E performances in an NHS Foundation Trust},
	volume = {97},
	number = {1143},
	pages = {48--50},
	year = {2021},
	doi = {10.1136/postgradmedj-2020-138894},
	publisher = {The Fellowship of Postgraduate Medicine},
	issn = {0032-5473},
	URL = {https://pmj.bmj.com/content/97/1143/48},
	eprint = {https://pmj.bmj.com/content/97/1143/48.full.pdf},
	journal = {Postgraduate Medical Journal}
}

 @misc{CDDFT, url={https://www.cddft.nhs.uk/about-the-trust.aspx}, journal={NHS choices}, publisher={NHS}} 